@misc{mysql,
title = {MySQL Community Server},
year = {2013},
howpublished = {https://dev.mysql.com/downloads/mysql/}
}